@article{lovis_baud_2000,
    title={Fast exact string pattern-matching algorithms adapted to the characteristics of the medical language},
    volume={7},
    DOI={10.1136/jamia.2000.0070378},
    number={4},
    journal={Journal of the American Medical Informatics Association},
    author={Lovis, C. and Baud, R. H.},
    year={2000},
    month={Jul},
    pages={378â€“391}
}

@inproceedings{yi_chang_2015,
   author={Yi-Ching Liao},
   year={2015},
   month={May},
   title={String Matching Algorithm},
   booktitle={A Survey of Software-based String Matching Algorithms for Forensic Analysis},
   publisher={Association for Computing Machinery}
}

@misc{kmp_rabin_karp,
  author = {Sunny Vassar},
  title = {KMP algorithm vs Rabin-Karp algorithm},
  url = {https://www.quora.com/Which-is-better-and-efficient-between-the-KMP-algorithm-and-the-Rabin-Karp-algorithm},
  year = {2018},
  note = {Accessed: 2022-07-19}
}

@misc{best_algo_quora,
  author = {Ashish Bansal},
  title = {What is the best algorithm for pattern searching?},
  url = {https://www.quora.com/What-is-the-best-algorithm-for-pattern-searching},
  year = {2020},
  note = {Accessed: 2022-07-19}
}
